<?xml version="1.0" encoding="UTF-8"?><collection xmlns="http://www.loc.gov/MARC21/slim"><record><leader>00353nam--2200121-i-4500</leader><controlfield tag="001">000044831</controlfield><controlfield tag="002">20161230</controlfield><controlfield tag="005">20161230201044</controlfield><controlfield tag="008">060222s1000------------r-----000-0-eng-d</controlfield><datafield ind1=" " ind2=" " tag="100"><subfield code="a">Tisin, S.D</subfield></datafield><datafield ind1=" " ind2=" " tag="245"><subfield code="a">Formule pt.determinarea timpului de baza la prelucrari de masini-unelte. indrumator</subfield></datafield><datafield ind1=" " ind2=" " tag="260"><subfield code="a">Bucuresti, Ed.Tehnica, 1957, 11p.+erata</subfield></datafield><datafield ind1=" " ind2=" " tag="852"><subfield code="a">4999</subfield></datafield></record></collection>